@techreport{RFC4880,
 SHORTHAND = {RFC4880},
 AUTHOR = "{Callas, J., Donnerhacke, L., Finney, H., Shaw, D., and R. Thayer}",
 TITLE = "{OpenPGP Message Format}",
 HOWPUBLISHED = {Internet Requests for Comments},
 TYPE="{RFC}",
 NUMBER=4880,
 YEAR = {2007},
 MONTH = {November},
 ISSN = {2070-1721},
 PUBLISHER = "{RFC Editor}",
 INSTITUTION = "{RFC Editor}",
 URL={http://www.rfc-editor.org/rfc/rfc4880.txt}
}

@techreport{RFC5246,
 SHORTHAND = {RFC5246},
 AUTHOR = "{Dierks, T. and E. Rescorla}",
 TITLE = "{The Transport Layer Security (TLS) Protocol Version 1.2}",
 HOWPUBLISHED = {Internet Requests for Comments},
 TYPE="{RFC}",
 NUMBER=5246,
 YEAR = {2008},
 MONTH = {August},
 ISSN = {2070-1721},
 PUBLISHER = "{RFC Editor}",
 INSTITUTION = "{RFC Editor}",
 URL={http://www.rfc-editor.org/rfc/rfc5246.txt}
}

@techreport{RFC5751,
 SHORTHAND = {RFC5751},
 AUTHOR = "{Ramsdell, B. and S. Turner}",
 TITLE = "{Secure/Multipurpose Internet Mail Extensions (S/MIME) Version 3.2 Message Specification}",
 HOWPUBLISHED = {Internet Requests for Comments},
 TYPE="{RFC}",
 NUMBER=5751,
 YEAR = {2010},
 MONTH = {January},
 ISSN = {2070-1721},
 PUBLISHER = "{RFC Editor}",
 INSTITUTION = "{RFC Editor}",
 URL={http://www.rfc-editor.org/rfc/rfc5751.txt}
}

@techreport{RFC5280,
 SHORTHAND = {RFC5280},
 AUTHOR = "{Cooper, D., Santesson, S., Farrell, S., Boeyen, S., Housley, R., and W. Polk}",
 TITLE = "{Internet X.509 Public Key Infrastructure Certificate and Certificate Revocation List (CRL) Profile}",
 HOWPUBLISHED = {Internet Requests for Comments},
 TYPE="{RFC}",
 NUMBER=5280,
 YEAR = {2008},
 MONTH = {May},
 ISSN = {2070-1721},
 PUBLISHER = "{RFC Editor}",
 INSTITUTION = "{RFC Editor}",
 URL={http://www.rfc-editor.org/rfc/rfc5280.txt}
}

@book{HAC,
 SHORTHAND = {HAC},
 author = {Menezes, Alfred J. and Vanstone, Scott A. and Oorschot, Paul C. Van},
 title = {Handbook of Applied Cryptography},
 year = {1996},
 MONTH = {October},
 isbn = {0849385237},
 edition = {1st},
 publisher = {CRC Press, Inc.},
 address = {Boca Raton, FL, USA},
} 

